                  @MISC{website:efficiency_issues_site,
                        title = "Efficiency issues in the RLF heuristic for graph coloring - Site",
                        year = 2011,
                        howpublished = "\url{http://www.imada.sdu.dk/~marco/Publications/Files/MIC2011-ChiGalGua.pdf}"
                  }

                  @article{greenwade93,
                      author  = "Marco Chiarandini1, Giulia Galbiati, Stefano Gualandi",
                      title   = "Efficiency issues in the RLF heuristic for graph coloring",
                      year    = "2011",
                      journal = "The IX Metaheuristics International Conference",
                      volume  = "1",
                      number  = "1",
                      pages   = "461--469"
                  }
