                  @MISC{MUNARI:2006,
                     author = "Antônio César de Barros Munari",
                     title = "{Notas de Aula - Disciplina: Teoria de Sistemas (TS)}",
                     note = "Disciplina ministrada no curso de PROCESSAMENTO DE DADOS a Faculdade de Tecnologia de Sorocaba (FATEC-SO)",
                     year = 2006
                  }

                  @Comment @MISC{website:simulacao,
                  @Comment       author = "Enrique Ortega and Márcio de Carli",
                  @Comment       title = "Minimodelos para simular o comportamento de ecossistemas (naturais e antrópicos) em computador",
                  @Comment       year = 2011,
                  @Comment       howpublished = "\url{http://www.unicamp.br/fea/ortega/eco/simul/indice-p.htm}"
                  @Comment }

                  @Comment @MISC{website:cibernetica,
                  @Comment       title = "Wikipedia - Cibernética",
                  @Comment       year = 2011,
                  @Comment       howpublished = "\url{http://pt.wikipedia.org/wiki/Cibern\%C3\%A9tica}"
                  @Comment }

                  @Comment @MISC{website:cibernetica_GEROVITCH,
                  @Comment       title = "Cybernetics and Information Theory in the United States, France and the Soviet Union",
                  @Comment       year = 2003,
                  @Comment       howpublished = "\url{http://www.infoamerica.org/documentos_word/shannon-wiener.htm}"                  
                  @Comment }

                  @Comment @MISC{website:cibernetica_MEDINA,
                  @Comment       title = "Designing Freedom, Regulating a Nation: Socialist Cybernetics in Allende’s Chile",
                  @Comment       year = 2006,
                  @Comment       howpublished = "\url{http://www.infoamerica.org/documentos_word/shannon-wiener.htm}"                  
                  @Comment }

                  @Comment @MISC{website:cibernetica_WIENER,
                  @Comment       title = "Designing Freedom, Regulating a Nation: Socialist Cybernetics in Allende’s Chile",
                  @Comment       year = 1968,
                  @Comment       howpublished = "\url{http://informatics.indiana.edu/edenm/EdenMedinaJLASAugust2006.pdf}"                  
                  @Comment }

                  @Comment @MISC{website:teoria_sistemas,
                  @Comment       title = "Wikipedia - Teoria de Sistemas",
                  @Comment       year = 2011,
                  @Comment       howpublished = "\url{http://pt.wikipedia.org/wiki/Teoria_de_sistemas}"
                  @Comment }

                  @Comment @BOOK{texbook:teoria_sistema_KLIR,
                  @Comment    author = "KLIR, George J.",
                  @Comment    title= "Facets of Systems Science",
                  @Comment    publisher = "Springer Verlag",
                  @Comment    year = 1994
                  @Comment }

                  @Comment @BOOK{texbook:teoria_sistema_CHIAVENATO,
                  @Comment    author = "Idalberto Chiavenato",
                  @Comment    title= "Introdução à Teoria Geral da Administração",
                  @Comment    publisher = "Ed. Makron Books",
                  @Comment    year = 2000
                  @Comment }

                  @Comment @BOOK{texbook:teoria_sistema_BERTALANFFY,
                  @Comment    author = "Bertalanffy, Ludwig Von.",
                  @Comment    title= "Teoria Geral dos Sistemas",
                  @Comment    publisher = "Springer VerlagEd. Vozes",
                  @Comment    year = 1975
                  @Comment }

                  @BOOK{texbook:teoria_sistema_CAPRA,
                     author = "Capra, Fritjof",
                     title= "A Teia da Vida",
                     publisher = "Ed. Cultrix",
                     year = 1997
                  }

                  @Comment @MISC{website:r_project,
                  @Comment       title = "R Project",
                  @Comment       year = 2011,
                  @Comment       howpublished = "\url{http://www.r-project.org/}"
                  @Comment } 
